@online{mitocw,
        title = {MIT OpenCourseWare: Srinivas Devadas: 7. Randomization: Skip Lists},
        date = {2016},
        organization = {MIT},
        author = {Professor Srinivas Devadas},
        url = {https://ocw.mit.edu/courses/electrical-engineering-and-computer-science/6-046j-design-and-analysis-of-algorithms-spring-2015/lecture-videos/lecture-7-randomization-skip-lists/},
 }

@online{suswang,
        title = {Shusen Wang: Alg-2C: Skip List},
        date = {2020},
        organization = {YouTube},
        author = {Shusen Wang},
        url = {https://www.youtube.com/watch?v=UGaOXaXAM5M},
 }

@online{itvis,
        title = {IT-Visions: Erkl√§rung des Begriffs: Assoziative Liste},
        date = {abgerufen 2021},
        organization = {YouTube},
        author = {Dr. Holger Schwichtenberg},
        url = {https://www.it-visions.de/glossar/alle/9665/Assoziative_Liste.aspx},
 }